<?xml version="1.0" encoding="UTF-8"?>
<collection xmlns="http://www.loc.gov/MARC21/slim">

  <!-- Record 1: Fiction with summary -->
  <record>
    <leader>00000nam a2200000 a 4500</leader>
    <controlfield tag="001">1001</controlfield>
    <controlfield tag="008">200101s2020    nyua     b    001 0 eng d</controlfield>
    <datafield tag="020" ind1=" " ind2=" ">
      <subfield code="a">9780525559474</subfield>
    </datafield>
    <datafield tag="100" ind1="1" ind2=" ">
      <subfield code="a">Kendi, Ibram X.,</subfield>
      <subfield code="e">author.</subfield>
    </datafield>
    <datafield tag="245" ind1="1" ind2="0">
      <subfield code="a">How to be an antiracist /</subfield>
      <subfield code="c">Ibram X. Kendi.</subfield>
    </datafield>
    <datafield tag="264" ind1=" " ind2="1">
      <subfield code="a">New York :</subfield>
      <subfield code="b">One World,</subfield>
      <subfield code="c">2019.</subfield>
    </datafield>
    <datafield tag="300" ind1=" " ind2=" ">
      <subfield code="a">305 pages ;</subfield>
    </datafield>
    <datafield tag="520" ind1=" " ind2=" ">
      <subfield code="a">A memoir and guide that explores the concept of antiracism, weaving together ethics, history, law, and science with the author's personal story of awakening to antiracism.</subfield>
    </datafield>
    <datafield tag="650" ind1=" " ind2="0">
      <subfield code="a">Racism</subfield>
      <subfield code="z">United States.</subfield>
    </datafield>
    <datafield tag="650" ind1=" " ind2="0">
      <subfield code="a">Race relations.</subfield>
    </datafield>
    <datafield tag="650" ind1=" " ind2="0">
      <subfield code="a">Social justice.</subfield>
    </datafield>
  </record>