

  <!-- Record 3: Science non-fiction -->
  <record>
    <leader>00000nam a2200000 a 4500</leader>
    <controlfield tag="001">1003</controlfield>
    <controlfield tag="008">180101s2018    nyua     b    001 0 eng d</controlfield>
    <datafield tag="020" ind1=" " ind2=" ">
      <subfield code="a">9780525432050</subfield>
    </datafield>
    <datafield tag="100" ind1="1" ind2=" ">
      <subfield code="a">Mukherjee, Siddhartha,</subfield>
      <subfield code="e">author.</subfield>
    </datafield>
    <datafield tag="245" ind1="1" ind2="4">
      <subfield code="a">The gene :</subfield>
      <subfield code="b">an intimate history /</subfield>
      <subfield code="c">Siddhartha Mukherjee.</subfield>
    </datafield>
    <datafield tag="264" ind1=" " ind2="1">
      <subfield code="a">New York :</subfield>
      <subfield code="b">Scribner,</subfield>
      <subfield code="c">2016.</subfield>
    </datafield>
    <datafield tag="520" ind1=" " ind2=" ">
      <subfield code="a">A history of the gene and genetic science from Mendel to CRISPR, exploring how genetics has shaped human identity, temperament, and disease.</subfield>
    </datafield>
    <datafield tag="650" ind1=" " ind2="0">
      <subfield code="a">Genetics</subfield>
      <subfield code="x">History.</subfield>
    </datafield>
    <datafield tag="650" ind1=" " ind2="0">
      <subfield code="a">Genes.</subfield>
    </datafield>
    <datafield tag="650" ind1=" " ind2="0">
      <subfield code="a">Genomics.</subfield>
    </datafield>
  </record>