

  <!-- Record 4: Cookbook -->
  <record>
    <leader>00000nam a2200000 a 4500</leader>
    <controlfield tag="001">1004</controlfield>
    <controlfield tag="008">170101s2017    caua     b    000 0 eng d</controlfield>
    <datafield tag="020" ind1=" " ind2=" ">
      <subfield code="a">9781607747307</subfield>
    </datafield>
    <datafield tag="100" ind1="1" ind2=" ">
      <subfield code="a">Nosrat, Samin,</subfield>
      <subfield code="e">author.</subfield>
    </datafield>
    <datafield tag="245" ind1="1" ind2="0">
      <subfield code="a">Salt, fat, acid, heat :</subfield>
      <subfield code="b">mastering the elements of good cooking /</subfield>
      <subfield code="c">Samin Nosrat ; illustrated by Wendy MacNaughton.</subfield>
    </datafield>
    <datafield tag="264" ind1=" " ind2="1">
      <subfield code="a">New York :</subfield>
      <subfield code="b">Simon &amp; Schuster,</subfield>
      <subfield code="c">2017.</subfield>
    </datafield>
    <datafield tag="505" ind1="0" ind2=" ">
      <subfield code="a">Salt -- Fat -- Acid -- Heat -- Recipes.</subfield>
    </datafield>
    <datafield tag="520" ind1=" " ind2=" ">
      <subfield code="a">A guide to cooking that focuses on the four fundamental elements of good cooking: salt, fat, acid, and heat, with recipes and techniques for home cooks.</subfield>
    </datafield>
    <datafield tag="650" ind1=" " ind2="0">
      <subfield code="a">Cooking.</subfield>
    </datafield>
    <datafield tag="650" ind1=" " ind2="0">
      <subfield code="a">Food.</subfield>
    </datafield>
  </record>