

  <!-- Record 5: Poetry -->
  <record>
    <leader>00000nam a2200000 a 4500</leader>
    <controlfield tag="001">1005</controlfield>
    <controlfield tag="008">210101s2021    dcu          000 1 eng d</controlfield>
    <datafield tag="020" ind1=" " ind2=" ">
      <subfield code="a">9780593465271</subfield>
    </datafield>
    <datafield tag="100" ind1="1" ind2=" ">
      <subfield code="a">Gorman, Amanda,</subfield>
      <subfield code="e">author.</subfield>
    </datafield>
    <datafield tag="245" ind1="1" ind2="4">
      <subfield code="a">The hill we climb :</subfield>
      <subfield code="b">an inaugural poem for the country /</subfield>
      <subfield code="c">Amanda Gorman.</subfield>
    </datafield>
    <datafield tag="264" ind1=" " ind2="1">
      <subfield code="a">New York :</subfield>
      <subfield code="b">Viking,</subfield>
      <subfield code="c">2021.</subfield>
    </datafield>
    <datafield tag="520" ind1=" " ind2=" ">
      <subfield code="a">The poem delivered at the 2021 presidential inauguration, calling for unity and collective action in America.</subfield>
    </datafield>
    <datafield tag="650" ind1=" " ind2="0">
      <subfield code="a">American poetry.</subfield>
    </datafield>
    <datafield tag="650" ind1=" " ind2="0">
      <subfield code="a">Inaugurations.</subfield>
    </datafield>
  </record>