

  <!-- Record 6: Technology -->
  <record>
    <leader>00000nam a2200000 a 4500</leader>
    <controlfield tag="001">1006</controlfield>
    <controlfield tag="008">140101s2014    caua     b    001 0 eng d</controlfield>
    <datafield tag="020" ind1=" " ind2=" ">
      <subfield code="a">9780804139298</subfield>
    </datafield>
    <datafield tag="100" ind1="1" ind2=" ">
      <subfield code="a">Brynjolfsson, Erik,</subfield>
      <subfield code="e">author.</subfield>
    </datafield>
    <datafield tag="245" ind1="1" ind2="4">
      <subfield code="a">The second machine age :</subfield>
      <subfield code="b">work, progress, and prosperity in a time of brilliant technologies /</subfield>
      <subfield code="c">Erik Brynjolfsson and Andrew McAfee.</subfield>
    </datafield>
    <datafield tag="264" ind1=" " ind2="1">
      <subfield code="a">New York :</subfield>
      <subfield code="b">W.W. Norton,</subfield>
      <subfield code="c">2014.</subfield>
    </datafield>
    <datafield tag="520" ind1=" " ind2=" ">
      <subfield code="a">An exploration of how digital technologies are transforming the economy, labor markets, and society, arguing that we are entering a new era of automation and artificial intelligence.</subfield>
    </datafield>
    <datafield tag="650" ind1=" " ind2="0">
      <subfield code="a">Technological innovations</subfield>
      <subfield code="x">Economic aspects.</subfield>
    </datafield>
    <datafield tag="650" ind1=" " ind2="0">
      <subfield code="a">Artificial intelligence.</subfield>
    </datafield>
    <datafield tag="650" ind1=" " ind2="0">
      <subfield code="a">Automation.</subfield>
    </datafield>
    <datafield tag="700" ind1="1" ind2=" ">
      <subfield code="a">McAfee, Andrew,</subfield>
      <subfield code="e">author.</subfield>
    </datafield>
  </record>