

  <!-- Record 7: Grief/self-help (good semantic search test case) -->
  <record>
    <leader>00000nam a2200000 a 4500</leader>
    <controlfield tag="001">1007</controlfield>
    <controlfield tag="008">190101s2019    nyua          000 0 eng d</controlfield>
    <datafield tag="020" ind1=" " ind2=" ">
      <subfield code="a">9781982123482</subfield>
    </datafield>
    <datafield tag="100" ind1="1" ind2=" ">
      <subfield code="a">Devine, Megan,</subfield>
      <subfield code="e">author.</subfield>
    </datafield>
    <datafield tag="245" ind1="1" ind2="0">
      <subfield code="a">It's OK that you're not OK :</subfield>
      <subfield code="b">meeting grief and loss in a culture that doesn't understand /</subfield>
      <subfield code="c">Megan Devine.</subfield>
    </datafield>
    <datafield tag="264" ind1=" " ind2="1">
      <subfield code="a">Boulder, CO :</subfield>
      <subfield code="b">Sounds True,</subfield>
      <subfield code="c">2017.</subfield>
    </datafield>
    <datafield tag="520" ind1=" " ind2=" ">
      <subfield code="a">A guide for those experiencing grief that validates pain rather than trying to fix it, offering practical tools for navigating loss and supporting others through bereavement.</subfield>
    </datafield>
    <datafield tag="650" ind1=" " ind2="0">
      <subfield code="a">Grief.</subfield>
    </datafield>
    <datafield tag="650" ind1=" " ind2="0">
      <subfield code="a">Bereavement</subfield>
      <subfield code="x">Psychological aspects.</subfield>
    </datafield>
    <datafield tag="650" ind1=" " ind2="0">
      <subfield code="a">Loss (Psychology)</subfield>
    </datafield>
  </record>