

  <!-- Record 8: YA fiction (teen audience) -->
  <record>
    <leader>00000nam a2200000 a 4500</leader>
    <controlfield tag="001">1008</controlfield>
    <controlfield tag="008">170101s2017    nyua   j      000 1 eng d</controlfield>
    <datafield tag="020" ind1=" " ind2=" ">
      <subfield code="a">9780062498533</subfield>
    </datafield>
    <datafield tag="100" ind1="1" ind2=" ">
      <subfield code="a">Thomas, Angie,</subfield>
      <subfield code="e">author.</subfield>
    </datafield>
    <datafield tag="245" ind1="1" ind2="4">
      <subfield code="a">The hate u give /</subfield>
      <subfield code="c">Angie Thomas.</subfield>
    </datafield>
    <datafield tag="264" ind1=" " ind2="1">
      <subfield code="a">New York :</subfield>
      <subfield code="b">Balzer + Bray,</subfield>
      <subfield code="c">2017.</subfield>
    </datafield>
    <datafield tag="520" ind1=" " ind2=" ">
      <subfield code="a">Sixteen-year-old Starr Carter moves between two worlds: the poor predominantly black neighborhood where she lives and the wealthy predominantly white prep school she attends. The uneasy balance between these worlds is shattered when Starr witnesses the fatal shooting of her childhood best friend by a police officer.</subfield>
    </datafield>
    <datafield tag="650" ind1=" " ind2="0">
      <subfield code="a">Race relations</subfield>
      <subfield code="v">Fiction.</subfield>
    </datafield>
    <datafield tag="650" ind1=" " ind2="0">
      <subfield code="a">Police shootings</subfield>
      <subfield code="v">Fiction.</subfield>
    </datafield>
    <datafield tag="650" ind1=" " ind2="0">
      <subfield code="a">Activism</subfield>
      <subfield code="v">Fiction.</subfield>
    </datafield>
  </record>