

  <!-- Record 9: Gardening -->
  <record>
    <leader>00000nam a2200000 a 4500</leader>
    <controlfield tag="001">1009</controlfield>
    <controlfield tag="008">200101s2020    mnua     b    001 0 eng d</controlfield>
    <datafield tag="020" ind1=" " ind2=" ">
      <subfield code="a">9781635861365</subfield>
    </datafield>
    <datafield tag="100" ind1="1" ind2=" ">
      <subfield code="a">Damrosch, Barbara,</subfield>
      <subfield code="e">author.</subfield>
    </datafield>
    <datafield tag="245" ind1="1" ind2="4">
      <subfield code="a">The four-season harvest :</subfield>
      <subfield code="b">organic vegetables from your home garden all year long /</subfield>
      <subfield code="c">Barbara Damrosch.</subfield>
    </datafield>
    <datafield tag="264" ind1=" " ind2="1">
      <subfield code="a">White River Junction, VT :</subfield>
      <subfield code="b">Chelsea Green Publishing,</subfield>
      <subfield code="c">2020.</subfield>
    </datafield>
    <datafield tag="505" ind1="0" ind2=" ">
      <subfield code="a">Planning your garden -- Spring planting -- Summer crops -- Fall harvest -- Winter growing -- Cold frames and greenhouses -- Seed saving.</subfield>
    </datafield>
    <datafield tag="520" ind1=" " ind2=" ">
      <subfield code="a">A comprehensive guide to year-round vegetable gardening using organic methods, cold frames, and succession planting techniques for temperate climates.</subfield>
    </datafield>
    <datafield tag="650" ind1=" " ind2="0">
      <subfield code="a">Vegetable gardening.</subfield>
    </datafield>
    <datafield tag="650" ind1=" " ind2="0">
      <subfield code="a">Organic gardening.</subfield>
    </datafield>
  </record>