

  <!-- Record 10: Music biography -->
  <record>
    <leader>00000nam a2200000 a 4500</leader>
    <controlfield tag="001">1010</controlfield>
    <controlfield tag="008">150101s2015    nyub     b    001 0 eng d</controlfield>
    <datafield tag="020" ind1=" " ind2=" ">
      <subfield code="a">9780316003384</subfield>
    </datafield>
    <datafield tag="100" ind1="1" ind2=" ">
      <subfield code="a">Patti Smith,</subfield>
      <subfield code="e">author.</subfield>
    </datafield>
    <datafield tag="245" ind1="1" ind2="0">
      <subfield code="a">Just kids /</subfield>
      <subfield code="c">Patti Smith.</subfield>
    </datafield>
    <datafield tag="264" ind1=" " ind2="1">
      <subfield code="a">New York :</subfield>
      <subfield code="b">Ecco,</subfield>
      <subfield code="c">2010.</subfield>
    </datafield>
    <datafield tag="520" ind1=" " ind2=" ">
      <subfield code="a">A memoir of the friendship between Patti Smith and Robert Mapplethorpe in late 1960s and 1970s New York, tracing their artistic development and the downtown art scene.</subfield>
    </datafield>
    <datafield tag="650" ind1=" " ind2="0">
      <subfield code="a">Rock musicians</subfield>
      <subfield code="z">United States</subfield>
      <subfield code="v">Biography.</subfield>
    </datafield>
    <datafield tag="650" ind1=" " ind2="0">
      <subfield code="a">Artists</subfield>
      <subfield code="z">New York (State)</subfield>
      <subfield code="z">New York.</subfield>
    </datafield>
    <datafield tag="600" ind1="1" ind2="0">
      <subfield code="a">Mapplethorpe, Robert.</subfield>
    </datafield>
  </record>

</collection>
